<?xml version="1.0" encoding="UTF-8"?><record xmlns="http://www.loc.gov/MARC21/slim" xmlns:cinclude="http://apache.org/cocoon/include/1.0" xmlns:zs="http://www.loc.gov/zing/srw/">
  <leader>00498nz  a2200133n  4500</leader>
  <controlfield tag="001">n  93074204 </controlfield>
  <controlfield tag="003">DLC</controlfield>
  <controlfield tag="005">19930804094001.3</controlfield>
  <controlfield tag="008">930803n| acannaab|          |a aaa |||  </controlfield>
  <datafield tag="010" ind1=" " ind2=" ">
    <subfield code="a">n  93074204 </subfield>
  </datafield>
  <datafield tag="040" ind1=" " ind2=" ">
    <subfield code="a">DLC</subfield>
    <subfield code="c">DLC</subfield>
  </datafield>
  <datafield tag="100" ind1="1" ind2="0">
    <subfield code="a">T︠S︡yrdi︠a︡, F. N.</subfield>
    <subfield code="q">(Fedor Nikolaevich)</subfield>
  </datafield>
  <datafield tag="400" ind1="1" ind2="0">
    <subfield code="a">T︠S︡yrdi︠a︡, Fedor Nikolaevich</subfield>
  </datafield>
  <datafield tag="670" ind1=" " ind2=" ">
    <subfield code="a">Informatizat︠s︡ii︠a︡, poznanie, sot︠s︡ialʹnoe upravlenie, 1992:</subfield>
    <subfield code="b">t.p. (F.N. T︠S︡yrdi︠a︡) colophon (T︠S︡yrdi︠a︡, Fedor Nikolaevich)</subfield>
  </datafield>
</record>